
@misc{1,
  title = {écosystéme commercial},
  howpublished = {\url{https://espacestrategies.com/ecosystemes-daffaires-comment-ca-marche/}},
  note = {consulté le: 2024-02-10}
}
@misc{flux,
  title = {flux de donnees},
  howpublished = {\url{https://www.lucidchart.com/pages/fr/diagramme-de-flux-de-donnees}},
  note = {consulté le: 2024-02-12}
}
@misc{Facturep,
  title = {Facture preforma},
  howpublished = {\url{https://www.appvizer.fr/magazine/finance-comptabilite/facturation/facture-proforma}},
  note = {consulté le: 2024-02-20}
}
@misc{Bonc,
  title = {flux de donnees},
  howpublished = {\url{https://www.lucidchart.com/pages/fr/diagramme-de-flux-de-donnees}},
  note = {consulté le: 2024-02-20}
}
@misc{facturev,
  title = {Facture de vente},
  howpublished = {\url{https://www.manager-go.com/vente/etablir-une-facture.htm}},
  note = {consulté le: 2024-02-20}
}
@misc{bordereau,
  title = {bordereau des marchandises},
  howpublished = {\url{https://www.ibm.com/docs/fr/warehouse-management/9.4.0?topic=prints-packing-slip}},
  note = {consulté le: 2024-02-20}
}
@misc{bonl,
  title = {bon de livraison},
  howpublished = {\url{https://www.zervant.com/fr/blog/modele-bon-de-livraison/}},
  note = {consulté le: 2024-02-20}
}
@misc{bonr,
  title = {bon de reception},
  howpublished = {\url{https://wiki.gestan.fr/doku.php?id=wiki:v15:facturation:fournisseur:brecept}},
  note = {consulté le: 2024-02-20}
}
@misc{reçu,
  title = {reçu de paiemen},
  howpublished = {\url{https://blog.hubspot.fr/sales/recu-de-paiement}},
  note = {consulté le: 2024-02-20}
}
@misc{Service,
  title = {Service commerciale},
  howpublished = {\url{https://uptoo.fr/emploi/fiche-metier/responsable-commercial/}},
  note = {consulté le: 2024-02-25}
}
@misc{Gestionnaire,
  title = {Gestionnaire de stock},
  howpublished = {\url{https://www.leparisien.fr/etudiant/orientation/guide-metiers/metier-gestionnaire-de-stocks/}},
  note = {consulté le: 2024-02-27}
}
@misc{Personnel,
  title = {Personnel de caisse},
  howpublished = {\url{https://www.blocsdecompetences.org/metier/D1505}},
  note = {consulté le: 2024-02-29}
}
@misc{Administrateur,
  title = {Administrateur des ventes},
  howpublished = {\url{https://www.blocsdecompetences.org/metier/M1701}},
  note = {consulté le: 2024-02-30}
}
@misc{Magasinier,
  title = {Magasinage et préparation de commandes},
  howpublished = {\url{https://www.blocsdecompetences.org/metier/N1103}},
  note = {consulté le: 2024-02-30}
}
@misc{Consommateur,
  title = {Consommateur},
  howpublished = {\url{https://fr.wikipedia.org/wiki/Consommateur}},
  note = {consulté le: 2024-02-30}
}
@misc{logistique,
  title = {logistique},
  howpublished = {\url{https://www.supplychaininfo.eu/dossier-supply-chain/missions-de-la-logistique/}},
  note = {consulté le: 2024-02-25}
}
@misc{Djawahirsoft,
  title = {Djawahirsoft},
  howpublished = {\url{https://www.djawahirsoft.com/index.html}},
  note = {consulté le: 2024-03-05}
}
@misc{usecas,
  title = {Diagramme de cas d'utilisation},
  howpublished = {\url{https://www.ionos.fr/digitalguide/sites-internet/developpement-web/diagramme-de-cas-de-utilisation/}},
  note = {consulté le: 2024-04-15}
}
@misc{séquences,
  title = {Diagrammes de séquences},
  howpublished = {\url{https://www.lucidchart.com/pages/fr/diagramme-de-sequence-uml}},
  note = {consulté le: 2024-04-20}
}
@misc{séquenced,
  title = {diagrammes de séquence détaillés},
  howpublished = {\url{https://www.ibm.com/docs/fr/rsm/7.5.0?topic=uml-sequence-diagrams}},
  note = {consulté le: 2024-04-28}
}
@misc{activite,
  title = {diagramme d'activite},
  howpublished = {\url{https://www.lucidchart.com/pages/fr/diagramme-dactivite-uml}},
  note = {consulté le: 2024-03-30}
}
@book{journal41,
  title={JOURNAL OFFICIEL DE LA REPUBLIQUE ALGERIENNE},
  url={https://www.joradp.dz/HFR/Index.html},
  year={2004},
  note = {consulté le: 2024-02-30}
}
@book{journal80,
  title={JOURNAL OFFICIEL DE LA REPUBLIQUE ALGERIENNE},
  url={https://www.joradp.dz/HFR/Index.html},
  year={2005},
  note = {consulté le: 2024-02-30}
}
@misc{drawio,
  title = {draw.io},
  howpublished = {\url{https://www.drawio.com/about}},
  note = {consulté le: 2024-05-10}
}
@misc{reactjs,
  title = {reactjs},
  howpublished = {\url{https://react.dev/}},
  note = {consulté le: 2024-05-11}
}
@misc{css,
  title = {Feuilles de style en cascade} ,
  howpublished = {\url{https://fr.wikipedia.org/wiki/Feuilles_de_style_en_cascade}},
  note = {consulté le: 2024-05-10}
}
@misc{electron,
  title = {Electron.js} ,
  howpublished = {\url{https://www.electronjs.org/}},
  note = {consulté le: 2024-05-11}
}
@misc{js,
  title = {javascript} ,
  howpublished = {\url{https://fr.wikipedia.org/wiki/JavaScript}},
  note = {consulté le: 2024-05-11}
}
@misc{nodejs,
  title = {nodejs} ,
  howpublished = {\url{https://fr.wikipedia.org/wiki/Node.js}},
  note = {consulté le: 2024-05-11}
}
@misc{vscode,
  title = {visual studio code} ,
  howpublished = {\url{https://fr.wikipedia.org/wiki/Visual_Studio_Code}},
  note = {consulté le: 2024-05-12}
}
@misc{figma,
  title = {figma} ,
  howpublished = {\url{https://fr.wikipedia.org/wiki/Figma}},
  note = {consulté le: 2024-05-13}
}
@misc{git,
  title = {git} ,
  howpublished = {\url{https://fr.wikipedia.org/wiki/Git}},
  note = {consulté le: 2024-05-13}
}
@misc{github,
  title = {github} ,
  howpublished = {\url{www.techtarget.com/searchitoperations/definition/GitHub}},
  note = {consulté le: 2024-05-13}
}
@misc{atlas,
  title = {atlas} ,
  howpublished = {\url{https://www.mongodb.com/docs/atlas/}},
  note = {consulté le: 2024-05-14}
}
@misc{sqlite,
  title = {SQLite} ,
  howpublished = {\url{https://fr.wikipedia.org/wiki/SQLite}},
  note = {consulté le: 2024-05-25}
}
@misc{tailwind,
  title = {tailwindCSS} ,
  howpublished = {\url{https://fr.wikipedia.org/wiki/Tailwind_CSS}},
  note = {consulté le: 2024-05-25}
}
@misc{Bootstrap,
  title = {Bootstrap} ,
  howpublished = {\url{https://en.wikipedia.org/wiki/Bootstrap_(front-end_framework)}},
  note = {consulté le: 2024-05-25}
}
@misc{reactn,
  title = {react native} ,
  howpublished = {\url{https://en.wikipedia.org/wiki/React_Native}},
  note = {consulté le: 2024-05-25}
}
@misc{express,
  title = {express.js} ,
  howpublished = {\url{https://en.wikipedia.org/wiki/Express.js}},
  note = {consulté le: 2024-05-25}
}
@misc{matreal,
  title = {matreal design} ,
  howpublished = {\url{https://en.wikipedia.org/wiki/Material_Design}},
  note = {consulté le: 2024-05-25}
}